@article{albin1992decentralized,
  title={Decentralized, dispersed exchange without an auctioneer: A simulation study},
  author={Albin, Peter and Foley, Duncan K},
  journal={Journal of Economic Behavior \& Organization},
  volume={18},
  number={1},
  pages={27--51},
  year={1992},
  publisher={Elsevier}
}

@article{wilhite2001bilateral,
  title={Bilateral trade and ‘small-world’networks},
  author={Wilhite, Allen},
  journal={Computational Economics},
  volume={18},
  number={1},
  pages={49--64},
  year={2001},
  publisher={Springer}
}

@article{sunder2002simple,
  title={A Simple Decentralized Institution for Learning Competitive Equilibrium},
  author={Sunder, Shyam and Crockett, Sean and Spear, Stephen},
  year={2002}
}

@article{axtell2005complexity,
  title={The complexity of exchange},
  author={Axtell, Robert},
  journal={The Economic Journal},
  volume={115},
  number={504},
  pages={F193--F210},
  year={2005},
  publisher={Wiley Online Library}
}
